<?xml version="1.0" encoding="UTF-8"?><record xmlns="http://www.loc.gov/MARC21/slim" xmlns:cinclude="http://apache.org/cocoon/include/1.0" xmlns:zs="http://www.loc.gov/zing/srw/">
  <leader>00634cz  a2200157n  4500</leader>
  <controlfield tag="001">nr2003016831</controlfield>
  <controlfield tag="003">DLC</controlfield>
  <controlfield tag="005">20110422075351.0</controlfield>
  <controlfield tag="008">030519n| acannaabn          |a aaa     c</controlfield>
  <datafield tag="010" ind1=" " ind2=" ">
    <subfield code="a">nr2003016831</subfield>
  </datafield>
  <datafield tag="040" ind1=" " ind2=" ">
    <subfield code="a">NIC</subfield>
    <subfield code="b">eng</subfield>
    <subfield code="c">NIC</subfield>
    <subfield code="d">DLC</subfield>
  </datafield>
  <datafield tag="100" ind1="1" ind2=" ">
    <subfield code="a">Román Pérez, Rosario</subfield>
  </datafield>
  <datafield tag="400" ind1="1" ind2=" ">
    <subfield code="a">Pérez, Rosario Román</subfield>
  </datafield>
  <datafield tag="400" ind1="1" ind2=" ">
    <subfield code="a">Román, Rosario</subfield>
  </datafield>
  <datafield tag="670" ind1=" " ind2=" ">
    <subfield code="a">Modernización contradictoria, 1998:</subfield>
    <subfield code="b">t.p. (Rosario Román Pérez)</subfield>
  </datafield>
  <datafield tag="670" ind1=" " ind2=" ">
    <subfield code="a">Génesis del homicida, 2010:</subfield>
    <subfield code="b">t.p. (Rosario Román Pérez) p. 85, etc. (bib. ref.: Román, Rosario; dr. in social sciences; prof.-researcher, Centro de Investigación en Alimentación y Desarrollo)</subfield>
  </datafield>
</record>